@book{RN27,
author = {Russel, Stuart Jonathan and Norvig, Peter},
title = {Artificial Intelligence: A Modern Approach},
publisher = {Pearson Custom Library},
edition = {3},
pages = {1091},
ISBN = {978-1-292-02420-2},
year = {2014},
type = {Book},
note = {Pearson New International Edition}
}