@reference{a,
	editor = {editor},
	title = {title},
	date = {date},
}
