
% This is an example of a string: this is the way you do variables in BiBTex
% @string{variable_name="string the variable_name refers to"}
@string{aij= "Artificial Intelligence"}

% This is an example of a URL reference
% Note you should try to identify authorship of web resources
% Also note you should include the date you last accessed the page.
@MISC{GoogleMaps,
author = {Google},
title = {Google Maps Development Kit},
month = Feb,
year = {2015},
howpublished={\url{https://developers.google.com/maps/}},
note={Accessed February 2015},
annote={This website can provide me with valuable insight into how pathfinding can be done. My project will have comparable functionality to Google Maps and other route-planning software, so this is a good place to get ideas from.}
}

@misc{Route4Me,
  author="Route4Me",
 title={{Route4Me Route Planning SDK}},
 howpublished={\url{http://route-planning-blog.route4me.com/2014/08/route4me-releases-c-sdk-for-route-planning-api-2/}},
 month=Aug, year=2014,
 note={Accessed February 2015},
  annote={A SDK for creating route-planning software. I am unsure of how it is licensed and which(if any) parts I am allowed to use in my own project. But it is worth a look.}
}

@misc{SandersSchultesRoutePlanning,
  author="Peter Sanders and Dominik Schultes",
 title={{Sanders/Schultes: Route Planning}},
 howpublished={\url{http://algo2.iti.uka.de/schultes/hwy/}},
 month=Feb, year=2008,
 note={Accessed February 2015},
  annote={A website containing lots of links to other works related to route planning. Made for a PhD thesis, which is also available on the site. This might provide me with more ideas for how to structure my system, as the thesis is aimed at pathfinding in larger areas than my project is aimed at, such as cities or countries.}
}

@url{OSM,
	Author = {{OpenStreetMap Foundation}},
	Date-Modified = {2014-11-25 06:14:00 +0000},
	Howpublished = {\url{http://wiki.osmfoundation.org/wiki/Main_Page}},
	Lastchecked = {25 April 2015},
	Title = {{OpenStreetMap Homepage}},
	Year = {2004}
	}

@online{WGS84,
author = {{National Geospatial-Intelligence Agency}},
title = {WGS84},
date = {1984},
url = {http://earth-info.nga.mil/GandG/wgs84/}
}

@online{OSM_Convert-WGS84,
author = {{OpenStreetMap Foundation}},
title = {WGS84 conversion in OpenStreetMap},
date = {20.Sep.2014},
url = {wiki.openstreetmap.org/wiki/Converting_to_WGS84},
}

@online{OSGB,
author = {{Ordnance Survey}},
title = {A guide to coordinate systems in Great Britain},
date = {Mar 2015},
url = {http://www.ordnancesurvey.co.uk/docs/support/guide-coordinate-systems-great-britain.pdf},
}