%% This BibTeX bibliography file was created using BibDesk.
%% http://bibdesk.sourceforge.net/


%% Created for Neil Taylor at 2014-04-07 22:34:31 +0100 


%% Saved with string encoding Unicode (UTF-8) 
	
@online{OSM,
	Author = {{OpenStreetMap Foundation}},
	Date-Modified = {2014-11-25 06:14:00 +0000},
	Howpublished = {\url{http://wiki.osmfoundation.org/wiki/Main_Page}},
	Lastchecked = {25 April 2015},
	Title = {{OpenStreetMap Homepage}},
	Year = {2004},
	}
	
@online{GoogleMaps,
	Author = {Google},
	Howpublished = {\url{https://maps.google.com/}},
	Lastchecked = {25 April 2015},
	Title = {{Google Maps}},
	}

@inproceedings{kishimoto-etal-icaps09,
author = {A. Kishimoto and A. Fukunaga and A. Botea},
title = {{Scalable, Parallel Best-First Search for Optimal Sequential Planning}},
booktitle = {Proceedings of the International Conference on Automated Scheduling and Planning ICAPS-09},
year = {2009},
pages = {201--208},
address = {Thessaloniki, Greece},
}

@Article{botea-etal-jogd04,
  author =	 {A. Botea and M. M\"{u}ller and J. Schaeffer},
  title =	 {{Near Optimal Hierarchical Path-Finding}},
  journal =	 {Journal of Game Development},
  year =	 {2004},
  volume =	 {1},
  number =	 {1},
  pages =	 {7--28},
}

@COMMENT This file was generated by bib2html.pl <https://sourceforge.net/projects/bib2html/> version 0.94
@COMMENT written by Patrick Riley <http://sourceforge.net/users/patstg/>
@COMMENT This file came from Alan K. Mackworth's publication pages at
@COMMENT http://www.cs.ubc.ca/~mack/publications
@InProceedings{CCAI07,
  author =	 {Suling Yang and Alan K. Mackworth},
  title =	 {Hierarchical Shortest Pathfinding Applied to Route-Planning for Wheelchair Users},
  year =	 {2007}, 
  month =        {May},
  pages = {539--550},
  booktitle =	 {Proceedings of the Canadian Conference on Artificial Intelligence, CanadianAI 2007}, 
  address =      {Montreal, PQ},
  note =         {},
  bib2html_pubtype ={Refereed Conference Proceeding},
  bib2html_rescat ={},
}

@online{OSMLicense,
author = {{OpenStreetMap Foundation}},
title = {OpenStreetMap License},
date = {2004},
url = {www.openstreetmap.org/copyright},
}

@online{WGS84,
author = {{National Geospatial-Intelligence Agency}},
title = {WGS84},
date = {1984},
url = {http://earth-info.nga.mil/GandG/wgs84/},
}

@online{OSM_Convert-WGS84,
author = {{OpenStreetMap Foundation}},
title = {WGS84 conversion in OpenStreetMap},
date = {20.Sep.2014},
url = {wiki.openstreetmap.org/wiki/Converting_to_WGS84},
}

@online{OSGB,
author = {{Ordnance Survey}},
title = {A guide to coordinate systems in Great Britain},
date = {Mar 2015},
url = {http://www.ordnancesurvey.co.uk/docs/support/guide-coordinate-systems-great-britain.pdf},
}

@online{OSM-XML,
author = {{OpenStreetMap Foundation}},
title = {{OSM - XML file format}},
date = {15. Apr. 2015},
url = {wiki.openstreetmap.org/wiki/osm_xml},
}

@online{OSM-Tags,
author = {{OpenStreetMap Foundation}},
title = {{OSM - Tags}},
date = {9.March.2015},
url = {wiki.openstreetmap.org/wiki/Tags},
}

@online{OSM-Features,
author = {{OpenStreetMap Foundation}},
title = {{OSM - Features}},
date = {22.February.2015},
url = {wiki.openstreetmap.org/wiki/Map_Features},
}

@online{OSM-Node,
author = {{OpenStreetMap Foundation}},
title = {{OSM - Nodes}},
date = {25.November.2014},
url = {wiki.openstreetmap.org/wiki/Node},
}

@online{OSM-Way,
author = {{OpenStreetMap Foundation}},
title = {{OSM - Ways}},
date = {19.June.2014},
url = {wiki.openstreetmap.org/wiki/Way},
}

@online{OSM-Relation,
author = {{OpenStreetMap Foundation}},
title = {{OSM - Relations}},
date = {17.July.2014},
url = {wiki.openstreetmap.org/wiki/Relation},
}

@online{Google-TermsOfService,
author = {Google},
title = {Google Maps - Terms of Service},
date = {November 13, 2014},
url = {https://developers.google.com/maps/terms},
}

@online{Vogella-XML,
author = {Lars Vogel},
title = {Java and XML - Tutorial},
date = {04.12.2014},
url = {www.vogella.com/tutorials/JavaXML/article.html},
}

@online{Eclipse_License,
	Author = {{The Eclipse Foundation}},
	Howpublished = {\url{www.eclipse.org/legal/epl-v10.html}},
	Lastchecked = {05 May 2015},
	Title = {Eclipse Public License - v 1.0}},
	Year = {2015},
	}

@online{CC-License,
author = {{Creative Commons}},
title = {{CC BY-NC-SA 3.0 DE}},
date = {2015},
url = {http://creativecommons.org/licenses/by-nc-sa/3.0/de/deed.en},
}

@book{RN27,
author = {Russel, Stuart Jonathan and Norvig, Peter},
title = {Artificial Intelligence: A Modern Approach},
publisher = {Pearson Custom Library},
edition = {3},
note = {Pearson New International Edition},
ISBN = {978-1-292-02420-2},
year = {2014},
type = {Book},
}

@online{Mapsforge,
	author = {Mapsforge},
	title = {Mapsforge - Homepage},
	date = {25.08.2016},
	url = {mapsforge.org},
}

@online{Mapsforge_map-tiles,
	author = {Mapsforge},
	title = {Mapsforge - Map-tiles},
	date = {25.08.2016},
	url = {download.mapsforge.org/maps/},
}

@online{Graphhopper,
	author = {{GraphHopper GmbH}},
	title = {Graphhopper},
	date = {25.08.2016},
	url = {graphhopper.com},
}

@online{draw.io,
	author = {{JGraph ltd}},
	title = {free-to-license web graph-drawing application},
	date = {25.08.2016},
	url = {draw.io},
}

@online{cloudmade,
	author = {{CloudMade}},
	title = {Bespoke routing-service provider},
	date = {25.08.2016},
	url = {cloudmade.com/solutions/maps-portals/},
}

@online{openlayers,
	author = {{Open Source Geospatial Foundation}},
	title = {OpenLayers 3},
	date = {25.08.2016},
	url = {openlayers.org},
}

@online{omniscale,
	author = {{Omniscale GmbH \& Co. KG}},
	title = {Omniscale EN},
	date = {25.08.2016},
	url = {omniscale.com},
}

@online{leaflet,
	author = {{Vladimir Agafonkin of Mapbox}},
	title = {Leaflet},
	date = {25.08.2016},
	url = {leafletjs.com},
}

@online{geofabrik,
	author = {{Geofabrik GmbH}},
	title = {Geofabrik},
	date = {25.08.2016},
	url = {download.geofabrik.de},
}

@online{mapbox,
	author = {{Mapbox}},
	title = {Mapbox},
	date = {25.08.2016},
	url = {mapbox.com},
}

@online{osrm,
	author = {{OSRM}},
	title = {Open Source Routing Machine},
	date = {25.08.2016},
	url = {project-osrm.org},
}

@online{osm_research-projects,
	author = {{Various}},
	title = {OSM routing-research projects},
	date = {24.09.2016},
	url = {wiki.openstreetmap.org/wiki/Research},
}

@online{BigOCheatSheet,
	author = {Eric Rowell},
	title = {{Big O cheat sheet}},
	date = {25.08.2016},
	url = {bigocheatsheet.com},
}

@misc{Route4Me,
	author={{Route4Me}},
	title={{Route4Me Route Planning SDK}},
	howpublished={\url{http://route-planning-blog.route4me.com/2014/08/route4me-releases-c-sdk-for-route-planning-api-2/}},
	month=Aug, year=2014,
	note={Accessed February 2015},
}

@misc{SandersSchultesRoutePlanning,
	author={Peter Sanders and Dominik Schultes},
	title={{Sanders/Schultes: Route Planning}},
	howpublished={\url{http://algo2.iti.uka.de/schultes/hwy/}},
	month=Feb, year=2008,
	note={Accessed February 2015},
}

@online{marsRover,
	author = {NASA},
	title = {{Autonomous Planetary Mobility for the Mars Exploration Rover Mission}},
	date = {29.09.2016},
	url = {mars.nasa.gov/mer/technology/is_autonomous_mobility.html},
}

@online{gmaps1,
	author = {{The Atlantic}},
	title = {{How Google Builds Its Maps - and What It Means for the Future of Everything}},
	date = {29.09.2016},
	url = {www.theatlantic.com/technology/archive/2012/09/how-google-builds-its-maps-and-what-it-means-for-the-future-of-everything/261913/},
}

@online{gmaps2,
	author = {BBC},
	title = {{Google Maps uses Ground Truth project to battle Apple}},
	date = {29.09.2016},
	url = {www.bbc.com/news/technology-19536269},
}

@online{tinklin2004,
	author ={Teresa Tinklin and Sheila Riddell and Alastair Wilson},
	title ={{Disabled Students in Higher Education}},
	date = {April, 2004},
	url ={http://www.ces.ed.ac.uk/PDF%20Files/Brief032.pdf},
}

@online{mapsforgeMap,
	author ={Mapsforge},
	title ={{Map-sample awt}},
	date = {26.August.2016},
	url ={https://github.com/mapsforge/mapsforge/blob/master/mapsforge-samples-awt/src/main/java/org/mapsforge/samples/awt/Samples.java},
}

@online{GNU-LGPL,
	author ={{The Free Software Foundation}},
	title ={{GNU LGPL}},
	date = {26.August.2016},
	url ={http://www.gnu.org/licenses/lgpl.html},
}
